<?xml version="1.0" encoding="UTF-8"?><collection xmlns="http://www.loc.gov/MARC21/slim"><record><leader>00360nam--2200121-i-4500</leader><controlfield tag="001">000034080</controlfield><controlfield tag="002">20161230</controlfield><controlfield tag="005">20161230201039</controlfield><controlfield tag="008">060222s1000------------r-----000-0-eng-d</controlfield><datafield ind1=" " ind2=" " tag="100"><subfield code="a">Neuberg, Arthusr</subfield></datafield><datafield ind1=" " ind2=" " tag="245"><subfield code="a">Das weltbild der physik. in seinen grundzugen und hauptergebnissen dargestellt</subfield></datafield><datafield ind1=" " ind2=" " tag="260"><subfield code="a">Gottingen, Vandenhoek,&amp; Ruprecht, 1951. 195p</subfield></datafield><datafield ind1=" " ind2=" " tag="852"><subfield code="a">13615</subfield></datafield></record></collection>